%%% Months
@string{JAN = "January"} 
@string{FEB = "February"} 
@string{MAR = "March"} 
@string{APR = "April"} 
@string{MAY = "May"} 
@string{JUN = "June"} 
@string{JUL = "July"} 
@string{AUG = "August"} 
@string{SEP = "September"} 
@string{OCT = "October"} 
@string{NOV = "November"}
@string{DEC = "December"}

%%% Journals
@string{ACMTCS = "ACM Trans. Computer Systems"} 
@string{CC = "Computer Communications"} 
@string{CN = "Computer Networks"}
@string{IEEEJSAC = "IEEE J. on Selected Areas in Communications"}
@string{IEEETAC = "IEEE Trans. Automatic Control"} 
@string{IEEETN = "IEEE/ACM Trans. Networking"} 
@string{IEEETCOM = "IEEE Trans. Communications"} 
@string{IEEETIT = "IEEE Trans. Information Theory"}
@string{IJDACS = "International Journal on Digital and Analog Communication Systems"} 
@string{IJCS = "International Journal on Communication Systems"} 
@string{INTERNETWORK = "Journal of Internetworking: Research and Experience"} 
@string{IPJ = "Internet Protocol Journal"} 
@string{JACM = "J. of the ACM"} 
@string{JORS = "J. of Operational Research Society"} 
@string{MTA = "Multimedia Tools and Applications"} @string{PIEEE = "Proceedings of the IEEE"}

%%% Magazines
@string{CACM = "Communications of the ACM"} 
@string{CCR = "ACM SIGCOMM Computer Communication Review"} 
@string{COMPUTER = "IEEE Computer Magazine"} 
@string{IEEECOM = "IEEE Communication Magazine"}
@string{IEEENET = "IEEE Network Magazine"}

%%% Conferences
@string{CDC = "Proc. IEEE Conference on Decision and Control"}
@string{CISS = "Proc. Conference on Information Sciences and Systems"} 
@string{CoNEXT = "Proc. CoNEXT"} 
@string{FDNA = "ACM SIGCOMM Workshop on Future Directions in Network Architecture"}
@string{FTCS = "Proc. International Symposium on Fault-Tolerant Computing"} 
@string{GINET = "Proc. IEEE Global Internet Symposium"}
@string{GLOBECOM = "Proc. IEEE GLOBECOM"} 
@string{HOTNETS = "Proc. SIGCOMM Workshop on Hot Topics in Networking"} 
@string{HSNMC="Proc. High Speed Networking and Multimedia Computing Symp."} 
@string{ICC = "Proc. International Conference on Communications"} 
@string{ICDCS = "Proc. International Conference on Distributed Computing Systems"}
@string{ICNP = "Proc. International Conference on Network Protocols"} 
@string{IMA = "Proc. IMA Workshop on Measurement and Modeling of the Internet"} 
@string{IMC = "Proc. Internet Measurement Conference"} 
@string{IMW = "Proc. Internet Measurement Workshop"}
@string{INET = "Proc. INET"} 
@string{INFOCOM = "Proc. IEEE INFOCOM"}
@string{INM = "Proc. Workshop on Internet Network Management"} 
@string{ITCOM = "Proc. Workshop on Scalability and Traffic Control in IP Networks, SPIE ITCOM Conference"} 
@string{ITC = "Proc. International Teletraffic Congress"} 
@string{NSDI = "Proc. USENIX NSDI"}
@string{PAM = "Proc. Passive and Active Measurement Workshop"}
@string{SIGCOMM = "Proc. ACM SIGCOMM"} 
@string{SIGMETRICS = "Proc. ACM SIGMETRICS"} 
@string{USITS = "Proc. USENIX Symposium on Internet Technologies and Systems"}
@string{HOT-ICE = "Proc. HotICE Workshop"}
@string{HOT-SDN = "Proc. HotSDN Workshop"}
@string{HOT-NETS = "Proc. HotNets Workshop"}

%%% Publishers
@string{AS="Athena Scientific"} @string{AW="Addison-Wesley"}
@string{BH="Birkhauser"} @string{CP="Cisco Press"}
@string{PH="Prentice Hall"} @string{OR="O'Reilly"}
@string{SV="Springer-Verlag"}

%%% Standards
@string{IETF = "IETF"} 
@string{RFC = "RFC"}

% websites: FCC, Sandvine, reports, articles, etc.
%http://www.internetworldstats.com/
@misc{fcc2015broadband-report,
   title = "{International Broadband Data Report (Fourth)}",
   author = "{Federal Communications Commission}",
   url = "{\url{http://www.fcc.gov/reports/international-broadband-data-report-fourth}}",
   month = feb,
   year = {2015}
}

@misc{fcc2014measuring-broadband,
   title = "{Measuring Broadband America - 2014}",
   author = "{Federal Communications Commission}",
   url = "{\url{http://www.fcc.gov/reports/measuring-broadband-america-2014}}",
   month = apr,
   year = {2014}
}
% Usage patterns
@inproceedings{grover2013peeking-nat,
 author = {Grover, Sarthak and Park, Mi Seon and Sundaresan, Srikanth and Burnett, Sam and Kim, Hyojoon and Ravi, Bharath and Feamster, Nick},
 title = {Peeking Behind the NAT: An Empirical Study of Home Networks},
 booktitle = {Proceedings of the 2013 Conference on Internet Measurement Conference},
 series = {IMC '13},
 year = {2013},
 isbn = {978-1-4503-1953-9},
 location = {Barcelona, Spain},
 pages = {377--390},
 numpages = {14},
 url = {http://doi.acm.org/10.1145/2504730.2504736},
 doi = {10.1145/2504730.2504736},
 acmid = {2504736},
 publisher = {ACM},
 address = {New York, NY, USA},
 keywords = {bismark, home networks},
}

% Broadband measurements
@inproceedings{Sundaresan:2011:BIP:2018436.2018452,
 author = {Sundaresan, Srikanth and de Donato, Walter and Feamster, Nick and Teixeira, Renata and Crawford, Sam and Pescap\`{e}, Antonio},
 title = {Broadband Internet Performance: A View from the Gateway},
 booktitle = {Proceedings of the ACM SIGCOMM 2011 Conference},
 series = {SIGCOMM '11},
 year = {2011},
 isbn = {978-1-4503-0797-0},
 location = {Toronto, Ontario, Canada},
 pages = {134--145},
 numpages = {12},
 url = {http://doi.acm.org/10.1145/2018436.2018452},
 doi = {10.1145/2018436.2018452},
 acmid = {2018452},
 publisher = {ACM},
 address = {New York, NY, USA},
 keywords = {access networks, benchmarking, bismark, broadband networks},
}