%%% Months
@string{JAN = "January"} 
@string{FEB = "February"} 
@string{MAR = "March"} 
@string{APR = "April"} 
@string{MAY = "May"} 
@string{JUN = "June"} 
@string{JUL = "July"} 
@string{AUG = "August"} 
@string{SEP = "September"} 
@string{OCT = "October"} 
@string{NOV = "November"}
@string{DEC = "December"}

%%% Journals
@string{ACMTCS = "ACM Trans. Computer Systems"} 
@string{CC = "Computer Communications"} 
@string{CN = "Computer Networks"}
@string{IEEEJSAC = "IEEE J. on Selected Areas in Communications"}
@string{IEEETAC = "IEEE Trans. Automatic Control"} 
@string{IEEETN = "IEEE/ACM Trans. Networking"} 
@string{IEEETCOM = "IEEE Trans. Communications"} 
@string{IEEETIT = "IEEE Trans. Information Theory"}
@string{IJDACS = "International Journal on Digital and Analog Communication Systems"} 
@string{IJCS = "International Journal on Communication Systems"} 
@string{INTERNETWORK = "Journal of Internetworking: Research and Experience"} 
@string{IPJ = "Internet Protocol Journal"} 
@string{JACM = "J. of the ACM"} 
@string{JORS = "J. of Operational Research Society"} 
@string{MTA = "Multimedia Tools and Applications"} @string{PIEEE = "Proceedings of the IEEE"}

%%% Magazines
@string{CACM = "Communications of the ACM"} 
@string{CCR = "ACM SIGCOMM Computer Communication Review"} 
@string{COMPUTER = "IEEE Computer Magazine"} 
@string{IEEECOM = "IEEE Communication Magazine"}
@string{IEEENET = "IEEE Network Magazine"}

%%% Conferences
@string{CDC = "Proc. IEEE Conference on Decision and Control"}
@string{CISS = "Proc. Conference on Information Sciences and Systems"} 
@string{CoNEXT = "Proc. CoNEXT"} 
@string{FDNA = "ACM SIGCOMM Workshop on Future Directions in Network Architecture"}
@string{FTCS = "Proc. International Symposium on Fault-Tolerant Computing"} 
@string{GINET = "Proc. IEEE Global Internet Symposium"}
@string{GLOBECOM = "Proc. IEEE GLOBECOM"} 
@string{HOTNETS = "Proc. SIGCOMM Workshop on Hot Topics in Networking"} 
@string{HSNMC="Proc. High Speed Networking and Multimedia Computing Symp."} 
@string{ICC = "Proc. International Conference on Communications"} 
@string{ICDCS = "Proc. International Conference on Distributed Computing Systems"}
@string{ICNP = "Proc. International Conference on Network Protocols"} 
@string{IMA = "Proc. IMA Workshop on Measurement and Modeling of the Internet"} 
@string{IMC = "Proc. Internet Measurement Conference"} 
@string{IMW = "Proc. Internet Measurement Workshop"}
@string{INET = "Proc. INET"} 
@string{INFOCOM = "Proc. IEEE INFOCOM"}
@string{INM = "Proc. Workshop on Internet Network Management"} 
@string{ITCOM = "Proc. Workshop on Scalability and Traffic Control in IP Networks, SPIE ITCOM Conference"} 
@string{ITC = "Proc. International Teletraffic Congress"} 
@string{NSDI = "Proc. USENIX NSDI"}
@string{PAM = "Proc. Passive and Active Measurement Workshop"}
@string{SIGCOMM = "Proc. ACM SIGCOMM"} 
@string{SIGMETRICS = "Proc. ACM SIGMETRICS"} 
@string{USITS = "Proc. USENIX Symposium on Internet Technologies and Systems"}
@string{HOT-ICE = "Proc. HotICE Workshop"}
@string{HOT-SDN = "Proc. HotSDN Workshop"}
@string{HOT-NETS = "Proc. HotNets Workshop"}

%%% Publishers
@string{AS="Athena Scientific"} @string{AW="Addison-Wesley"}
@string{BH="Birkhauser"} @string{CP="Cisco Press"}
@string{PH="Prentice Hall"} @string{OR="O'Reilly"}
@string{SV="Springer-Verlag"}

%%% Standards
@string{IETF = "IETF"} 
@string{RFC = "RFC"}

@inproceedings{Bailey:2014:ERR:2620728.2620769,
 author = {Bailey, Josh and Pemberton, Dean and Linton, Andy and Pelsser, Cristel and Bush, Randy},
 title = {Enforcing RPKI-based Routing Policy on the Data Plane at an Internet Exchange},
 booktitle = {Proceedings of the Third Workshop on Hot Topics in Software Defined Networking},
 series = {HotSDN '14},
 year = {2014},
 isbn = {978-1-4503-2989-7},
 location = {Chicago, Illinois, USA},
 pages = {211--212},
 numpages = {2},
 url = {http://doi.acm.org/10.1145/2620728.2620769},
 doi = {10.1145/2620728.2620769},
 acmid = {2620769},
 publisher = {ACM},
 address = {New York, NY, USA},
 keywords = {bgp, openflow, rpki-rp, sdn},
}

@inproceedings{permof,
  title="{Towards a Secure Controller Platform for OpenFlow Applications}",
  author={Wen, Xitao and Chen, Yan and Hu, Chengchen and Shi, Chao and Wang, Yi},
  booktitle={ACM SIGCOMM Workshop on Hot Topics in Software Defined Networking (HotSDN)},
  pages={171--172},
  year={2013},
  organization={ACM}
}

@inproceedings{psBGP,
  title={Pretty Secure BGP, psBGP.},
  author={Wan, Tao and Kranakis, Evangelos and van Oorschot, Paul C},
  booktitle={NDSS},
  year={2005}
}

@inproceedings{yanc,
  title="{Applying Operating System Principles to SDN Controller Design}",
  author={Monaco, Matthew and Michel, Oliver and Keller, Eric},
  booktitle={ACM SIGCOMM Workshop on Hot Topics in Networks (HotNets)},
  pages={2},
  year={2013},
  organization={ACM}
}

@inproceedings{Ensafi2014a,
	author= {Roya Ensafi and Jeffrey Knockel and Geoffrey Alexander and Jedidiah R. Crandall},
	title= {{Detecting Intentional Packet Drops on the Internet via TCP/IP Side Channels}},
	booktitle = {Passive and Active Measurements Conference},
	publisher = {Springer},
	year= {2014},
	url = {http://arxiv.org/pdf/1312.5739v1},
}

@inproceedings {covisor,
        author = {Xin Jin and Jennifer Gossels and Jennifer Rexford and David Walker},
	title = {CoVisor: A Compositional Hypervisor for Software-Defined Networks},
	booktitle = {12th USENIX Symposium on Networked Systems Design and Implementation (NSDI 15)},
	year = {2015},
	address = {Oakland, CA},
	url = {https://www.usenix.org/conference/nsdi15/technical-sessions/presentation/jin},
	publisher = {USENIX Association},
}

@inproceedings {kinetic,
	title = {Kinetic: Verifiable Dynamic Network Control},
	booktitle = {12th USENIX Symposium on Networked Systems Design and Implementation (NSDI 15)},
	year = {2015},
	address = {Oakland, CA},
	url = {https://www.usenix.org/conference/nsdi15/technical-sessions/presentation/kim},
	publisher = {USENIX Association},
}

@inproceedings{threat-model,
 author = {Kreutz, Diego and Ramos, Fernando M.V. and Verissimo, Paulo},
 title = {Towards Secure and Dependable Software-defined Networks},
 booktitle = {ACM SIGCOMM Workshop on Hot Topics in Software Defined Networks (HotSDN)},
 year = {2013},
 isbn = {978-1-4503-2178-5},
 location = {Hong Kong, China},
 pages = {55--60},
 numpages = {6},
 url = {http://doi.acm.org/10.1145/2491185.2491199},
 doi = {10.1145/2491185.2491199},
 acmid = {2491199},
 publisher = {ACM},
 address = {New York, NY, USA},
 keywords = {controllers, dependability, sdn, security, threat vectors},
}

@inproceedings{Zhang:2011:SSC:2006077.2006767,
 author = {Zhang, Xin and Hsiao, Hsu-Chun and Hasker, Geoffrey and Chan, Haowen and Perrig, Adrian and Andersen, David G.},
 title = {SCION: Scalability, Control, and Isolation on Next-Generation Networks},
 booktitle = {Proceedings of the 2011 IEEE Symposium on Security and Privacy},
 series = {SP '11},
 year = {2011},
 isbn = {978-0-7695-4402-1},
 pages = {212--227},
 numpages = {16},
 url = {http://dx.doi.org/10.1109/SP.2011.45},
 doi = {10.1109/SP.2011.45},
 acmid = {2006767},
 publisher = {IEEE Computer Society},
 address = {Washington, DC, USA},
}

@inproceedings{Naous:2011:VEN:2079296.2079326,
 author = {Naous, Jad and Walfish, Michael and Nicolosi, Antonio and Mazi\`{e}res, David and Miller, Michael and Seehra, Arun},
 title = {Verifying and Enforcing Network Paths with ICING},
 booktitle = {Proceedings of the Seventh COnference on Emerging Networking EXperiments and Technologies},
 series = {CoNEXT '11},
 year = {2011},
 isbn = {978-1-4503-1041-3},
 location = {Tokyo, Japan},
 pages = {30:1--30:12},
 articleno = {30},
 numpages = {12},
 url = {http://doi.acm.org/10.1145/2079296.2079326},
 doi = {10.1145/2079296.2079326},
 acmid = {2079326},
 publisher = {ACM},
 address = {New York, NY, USA},
 keywords = {NetFPGA, consent, default-off, path enforcement},
}

@INPROCEEDINGS{morley_as_traceroute, 
author={Mao, Z.M. and Johnson, D. and Rexford, J. and Wang, J. and Katz, R.}, 
booktitle={INFOCOM 2004. Twenty-third AnnualJoint Conference of the IEEE Computer and Communications Societies}, 
title={Scalable and accurate identification of AS-level forwarding paths}, 
year={2004}, 
month={March}, 
volume={3}, 
pages={1605-1615 vol.3}, 
keywords={IP networks;dynamic programming;telecommunication network routing;transport protocols;AS-level forwarding paths;IP-to-AS mapping;autonomous system;dynamic programming;mismatch ratio;network operators;traceroute;Cellular neural networks;Delay;Dynamic programming;IP networks;Internet;Iterative algorithms;Network topology;Probes;Protocols;Routing}, 
doi={10.1109/INFCOM.2004.1354573}, 
ISSN={0743-166X},}

@inproceedings{becker2007design,
  title={Design and semantics of a decentralized authorization language},
  author={Becker, Moritz Y and Fournet, C{\'e}dric and Gordon, Andrew D},
  booktitle={Computer Security Foundations Symposium, 2007. CSF'07. 20th IEEE},
  pages={3--15},
  year={2007},
  organization={IEEE}
}

@inproceedings{appel1999proof,
  title={Proof-carrying authentication},
  author={Appel, Andrew W and Felten, Edward W},
  booktitle={Proceedings of the 6th ACM Conference on Computer and Communications Security},
  pages={52--62},
  year={1999},
  organization={ACM}
}

@inproceedings{Baldin:2014,
 author = {Baldin, Ilya and Huang, Shu and Gopidi, Rajesh},
 title = "{A Resource Delegation Framework for Software Defined Networks}",
 booktitle = {HotSDN '14},
 year = {2014},
 month = aug,
 isbn = {978-1-4503-2989-7},
 address = {Chicago, IL},
 pages = {49--54},
 numpages = {6},
 url = {http://doi.acm.org/10.1145/2620728.2620737},
 doi = {10.1145/2620728.2620737},
 acmid = {2620737},
 publisher = {ACM},
 keywords = {integer linear programming, multi-domain networks, software-defined networking},
}

@article{taos,
  title="{Authentication in the Taos Operating System}",
  author={Wobber, Edward and Abadi, Mart{\'\i}n and Burrows, Michael and Lampson, Butler},
  journal={ACM Transactions on Computer Systems (TOCS)},
  volume={12},
  number={1},
  pages={3--32},
  year={1994},
  publisher={ACM}
}

@inproceedings{kreutz2013towards,
  title="{Towards Secure and Dependable Software-Defined Networks}",
  author={Kreutz, Diego and Ramos, Fernando and Verissimo, Paulo},
  booktitle={ACM SIGCOMM workshop on Hot Topics in Software Defined Networking (HotSDN)},
  pages={55--60},
  year={2013},
  month = aug,
  address = {Hong Kong, China},
  organization={ACM}
}

@inproceedings{shieh2011netquery,
  title={NetQuery: A knowledge plane for reasoning about network properties},
  author={Shieh, Alan and Sirer, Emin G{\"u}n and Schneider, Fred B},
  booktitle={ACM SIGCOMM Computer Communication Review},
  volume={41},
  number={4},
  pages={278--289},
  year={2011},
  organization={ACM}
}

@article{abadi2007access,
  title="{Access Control in a Core Calculus of Dependency}",
  author={Abadi, Mart{\'\i}n},
  journal={Electronic Notes in Theoretical Computer Science},
  volume={172},
  pages={5--31},
  year={2007},
  publisher={Elsevier}
}

@incollection{abadi2008variations,
  title="{Variations in Access Control Logic}",
  author={Abadi, Mart{\'\i}n},
  booktitle={Deontic Logic in Computer Science},
  pages={96--109},
  year={2008},
  publisher={Springer}
}

@article{abadi1993calculus,
  title="{A Calculus for Access Control in Distributed Systems}",
  author={Abadi, Martin and Burrows, Michael and Lampson, Butler and Plotkin, Gordon},
  journal={ACM Transactions on Programming Languages and Systems (TOPLAS)},
  volume={15},
  number={4},
  pages={706--734},
  year={1993},
  publisher={ACM}
}

@inproceedings{neuman1993proxy,
  title={Proxy-based authorization and accounting for distributed systems},
  author={Neuman, B Clifford},
  booktitle={Distributed Computing Systems, 1993., Proceedings the 13th International Conference on},
  pages={283--291},
  year={1993},
  organization={IEEE}
}

@article{lampson1992authentication,
  title={Authentication in distributed systems: Theory and practice},
  author={Lampson, Butler and Abadi, Mart{\'\i}n and Burrows, Michael and Wobber, Edward},
  journal={ACM Transactions on Computer Systems (TOCS)},
  volume={10},
  number={4},
  pages={265--310},
  year={1992},
  publisher={ACM}
}

@misc{lepinski2013bgpsec,
  author={Lepinski, Matt},
  title={BGPSec protocol specification},
  publisher="IETF",
  organization="Internet Engineering Task Force",
  year=2015,
  month=Jan,
    url="http://tools.ietf.org/html/draft-ietf-sidr-bgpsec-protocol-11",
}

@misc{bush2011rpki,
  author={Lepinski, Matt and Kent, Steven},
  title={An Infrastructure to Support Secure Internet Routing},
  publisher="IETF",
  organization="Internet Engineering Task Force",
  year=2012,
  month=Feb,
    url="http://tools.ietf.org/html/rfc6480",
}

@article{soBGP,
  title={Architecture and deployment considerations for Secure Origin BGP (soBGP)},
  author={White, Russ},
  journal={Work in Progress},
  year={2005}
}

@article{lepinski2012infrastructure,
  title={An infrastructure to support secure internet routing},
  author={Lepinski, Matt and Kent, Stephen},
  year={2012}
}

@article{lepinski2012profile,
  title={A Profile for Route Origin Authorizations (ROAs)},
  author={Lepinski, Matt and Kong, Derrick and Kent, Stephen},
  year={2012}
}

@techreport{nbgp,
  title={Securing BGP using external security monitors},
  author={Reynolds, Patrick and Kennedy, Oliver and Sirer, Emin Gun and Schneider, Fred},
  year={2006},
  institution={Cornell University}
}

@article{krawczyk1997hmac,
  title={HMAC: Keyed-hashing for message authentication},
  author={Krawczyk, Hugo and Canetti, Ran and Bellare, Mihir},
  year={1997}
}

@article{gill2002bgp,
  title={The bgp ttl security hack (btsh)},
  author={Gill, V and Heasley, J and Meyer, D},
  journal={draft-gill-btsh-02. txt (work in progress)},
  year={2002}
}

@inproceedings{hsa,
 author = {Kazemian, Peyman and Varghese, George and McKeown, Nick},
 title = "{Header Space Analysis: Static Checking for Networks}",
 booktitle = {USENIX Conference on Networked Systems Design and Implementation (NSDI)},
 year = {2012},
 month = may,
 address = {San Jose, CA},
}

@misc{ris,
   author = "{RIPE Routing Information Service (RIS)}",
   note = "{\url{http://www.ripe.net/ris}}"
}
 
@misc{stanford-backbone,
   author = "{HSA Repo}",
   note = "{\url{bitbucket.org/peymank/hassel-public}}"
}

@misc{cisco-vlan-security,
   author = "{VLAN Security White Paper}",
   note = "{\url{cisco.com/en/US/products/hw/switches/ps708/products_white_paper09186a008013159f.shtml}}"
}

@misc{exabgp,
   author = "{ExaBGP}",
   note = "{\url{https://github.com/Exa-Networks/exabgp}}"
}
 
@misc{quagga,
   author = "{Quagga}",
   note = "{\url{http://www.nongnu.org/quagga/}}"
}
 
@misc{bird,
   author = "{BIRD}",
   note = "{\url{http://bird.network.cz/}}"
}
 
@misc{pathlen,
   author = "{RIPE: Internet Path Length}",
   note = "{\url{labs.ripe.net/Members/mirjam/update-on-as-path-lengths-over-time}}"
}
 
@article{kim2013simpler,
  title={Simpler Network Configuration with State-Based Network Policies},
  author={Kim, Hyojoon and Gupta, Arpit and Shahbaz, Muhammad and Reich, Joshua and Feamster, Nick and Clark, Russ},
  year={2013},
  publisher={Georgia Institute of Technology}
}

@article{kim2013improving,
  title={Improving network management with software defined networking},
  author={Kim, Hyojoon and Feamster, Nick},
  journal={IEEE Communications Magazine},
  volume={51},
  number={2},
  pages={114--119},
  year={2013},
  publisher={IEEE}
}

@misc{sdn-coursera,
   author = "{Coursera SDN Course}",
   note = "{\url{class.coursera.org/sdn-002/}}"
 }


@inproceedings{donovan2014netassay,
  title="{NetAssay: Providing New Monitoring Primitives for Network Operators}",
  author={Donovan, Sean and Feamster, Nick},
  booktitle={ACM SIGCOMM Workshop on Hot Topics in Networking (HotNets)},
  month = oct,
  year={2014},
  address = "Los Angeles, CA"
}

@inproceedings{bgp-reset,
author={Beichuan Zhang and  Vamsi Kambhampati and  Mohit Lad and  Daniel Massey and  Lixia Zhang},
title={Identifying {BGP} Routing Table Transfer},
booktitle={Proc. SIGCOMM MineNet Workshop},
year={2005},
month={August},
comment={}}

@misc{frenetic-lang,
  title  = "{The Frenetic Programming Language and Runtime System}",
  howpublished = "\url{https://github.com/frenetic-lang/frenetic}"
}

@article{openflow,
  title={{OpenFlow}: Enabling innovation in campus networks},
  author={McKeown, Nick and Anderson, Tom and Balakrishnan, Hari and Parulkar, Guru and Peterson, Larry and Rexford, Jennifer and Shenker, Scott and Turner, Jonathan},
  journal=CCR,
  year={2008},
  publisher={ACM}
}

@article{nox,
  title={{NOX}: Towards an operating system for networks},
  author={Gude, Natasha and Koponen, Teemu and Pettit, Justin and Pfaff, Ben and Casado, Mart{\'\i}n and McKeown, Nick and Shenker, Scott},
  journal=CCR,
  year={2008},
  publisher={ACM}
}

@article{knoll2014bgp,
  title={BGP extended community for QoS marking},
  author={Knoll, Thomas},
  year={2014}
}

@misc{repo,
  key = "repo",
  title  = "{SDX Repository}",
  howpublished = "\url{https://sites.google.com/site/sdxrepo/home/sdx-repository}",
}

@misc{paktelecom,
  key = "hijacking",
  title  = "{Youtube's Prefix Hijacking}",
  howpublished = "\url{research.dyn.com/2008/02/pakistan-hijacks-youtube-1/}",
}

@misc{bgp-qos,
  key = "bgp-qos",
  title  = "{BGP QoS}",
  howpublished = "\url{tools.ietf.org/html/draft-svshah-bgp-qos-sla-attribute}",
}

@misc{gaia,
  key = "gaia",
  title  = "{Global Access to the Internet for All}",
  howpublished = "\url{trac.tools.ietf.org/group/irtf/trac/wiki/gaia}",
}

@misc{sdn-amsix,
  key = "sdn-amsix",
  title  = "{AMS-IX ARP Mitigation}",
  howpublished = "\url{www.nanog.org/sites/default/files/wed.general.pels_.arpmitigation.20(1).pdf}",
}

@article{marques2009dissemination,
  title={Dissemination of flow specification rules},
  author={Marques, Pedro and Raszuk, Robert and McPherson, Danny and Mauch, Jared and Greene, Barry and Sheth, Nischal},
  journal={Arbor},
  year={2009}
}

@misc{sdx-github,
  key = "sdx-github",
  title  = "{SDX Open Source Code Release}",
  howpublished = "\url{github.com/sdn-ixp/sdx}",
}

@inproceedings{ihm2010wide,
  title={Wide-area Network Acceleration for the Developing World.},
  author={Ihm, Sunghwan and Park, KyoungSoo and Pai, Vivek S},
  booktitle={USENIX Annual Technical Conference},
  year={2010}
}


@incollection{gupta2014peering,
  title="{Peering at the Internet’s Frontier: A First Look at ISP Interconnectivity in Africa}",
  author={Gupta, Arpit and Calder, Matt and Feamster, Nick and Chetty, Marshini and Calandro, Enrico and Katz-Bassett, Ethan},
  booktitle={Passive and Active Measurement},
  pages={204--213},
  year={2014},
  month = mar,
  address = "Los Angeles, CA",
}

@inproceedings{gupta2014sdx,
    author = {Gupta, Arpit and Vanbever, Laurent and Shahbaz, Muhammad and Donovan, Sean Patrick and Schlinker, Brandon and Feamster, Nick and Rexford, Jennifer and Shenker, Scott and Clark, Russ and Katz-Bassett, Ethan},
    title = "{SDX: A Software Defined Internet Exchange}",
    booktitle = {ACM SIGCOMM},
    year = {2014},
    isbn = {978-1-4503-2836-4},
    address = {Chicago, IL},
    pages = {579--580},
    numpages = {2},
    url = {http://doi.acm.org/10.1145/2619239.2631473},
    doi = {10.1145/2619239.2631473},
    acmid = {2631473},
    publisher = {ACM},
    keywords = {BGP, internet exchange point (IXP), software defined networking (SDN)},
}

@inproceedings{fortnox,
  title="{A Security Enforcement Kernel for OpenFlow Networks}",
  author={Porras, Philip and Shin, Seungwon and Yegneswaran, Vinod and Fong, Martin and Tyson, Mabry and Gu, Guofei},
  booktitle={ACM SIGCOMM Workshop on Hot Topics in Software Defined Networks (HotSDN)},
  pages={121--126},
  year={2012},
  organization={ACM}
}

@article{nexus,
  title="{Nexus Authorization Logic (NAL): Design Rationale and Applications}",
  author={Schneider, Fred B and Walsh, Kevin and Sirer, Emin G{\"u}n},
  journal={ACM Transactions on Information and System Security (TISSEC)},
  volume={14},
  number={1},
  pages={8},
  year={2011},
  publisher={ACM}
}

@inproceedings{yao1982protocols,
  title={Protocols for secure computations},
  author={Yao, Andrew C},
  booktitle={2013 IEEE 54th Annual Symposium on Foundations of Computer Science},
  pages={160--164},
  year={1982},
  organization={IEEE}
}

@inproceedings{routing-outsourcing,
  title={Outsourcing the routing control logic: Better {Internet} routing based on {SDN} principles},
  author={Kotronis, Vasileios and Dimitropoulos, Xenofontas and Ager, Bernhard},
  booktitle=HOT-NETS,
  pages={55--60},
  year={2012}
}

@inproceedings{sdia,
  title={Software-defined {Internet} architecture: Decoupling architecture from infrastructure},
  author={Raghavan, Barath and Casado, Mart{\'\i}n and Koponen, Teemu and Ratnasamy, Sylvia and Ghodsi, Ali and Shenker, Scott},
  booktitle=HOT-NETS,
  pages={43--48},
  year={2012}
}

@inproceedings{paas-networking,
  title={The “Platform as a service” model for networking},
  author={Keller, Eric and Rexford, Jennifer},
  booktitle=INM,
  year={2010}
}

@techreport{alaettinoglu1999routing,
  title={Routing policy specification language (RPSL)},
  author={Alaettinoglu, Cengiz and Villamizar, C and Gerich, Elise and Kessens, D and Meyer, David and Bates, T and Karrenberg, D and Terpstra, M},
  year={1999},
  institution={RFC 2622, June}
}

@article{cardigan,
  title={Cardigan: Deploying a Distributed Routing Fabric},
  author={Stringer, Jonathan and Fu, Qiang and Lorier, Christopher and Rothenberg, Christian E}
}

@inproceedings{routeflow,
  title={Revisiting routing control platforms with the eyes and muscles of software-defined networking},
  author={Rothenberg, Christian Esteve and Nascimento, Marcelo Ribeiro and Salvador, Marcos Rogerio and Corr{\^e}a, Carlos Nilton Araujo and Cunha de Lucena, Sidney and Raszuk, Robert},
  booktitle=HOT-SDN,
  pages={13--18},
  year={2012},
  organization={ACM}
}

@misc{googlecardigan,
  key = "Cardigan",
  author = "Scott Whyte",
  title  = "{Project CARDIGAN An SDN Controlled Exchange Fabric}",
  howpublished = "\url{https://www.nanog.org/meetings/nanog57/presentations/Wednesday/wed.lightning3.whyte.sdn.controlled.exchange.fabric.pdf}",
  year = 2012
}

@misc{nildata,
  key = "OpenFlow for IXP",
  title  = "{Could IXPs Use OpenFlow To Scale?}",
  howpublished = "\url{http://www.menog.org/presentations/menog-12/116-Could_IXPs_Use_OpenFlow_To_Scale.pdf}",
  year = 2013
}

@misc{ams-ix,
  title  = "{AMS Internet Exchange}",
  howpublished = "\url{https://www.ams-ix.net/ams-ix-route-servers/}",
  key = {amsix},
  year = 2013
}

@article{lifeguard,
  title={{LIFEGUARD}: Practical repair of persistent route failures},
  author={Katz-Bassett, Ethan and Scott, Colin and Choffnes, David R and Cunha, {\'I}talo and Valancius, Vytautas and Feamster, Nick and Madhyastha, Harsha V and Anderson, Thomas and Krishnamurthy, Arvind},
  journal=CCR,  
  year={2012},
}

@inproceedings{dasu,
  title={Dasu: Pushing experiments to the Internet’s edge},
  author={S{\'a}nchez, Mario A and Otto, John S and Bischof, Zachary S and Choffnes, David R and Bustamante, Fabi{\'a}n E and Krishnamurthy, Balachander and Willinger, Walter},
  booktitle=NSDI,
  year={2013}
}

@inproceedings{aplomb,
 author = {Sherry, Justine and Hasan, Shaddi and Scott, Colin and Krishnamurthy, Arvind and Ratnasamy, Sylvia and Sekar, Vyas},
 title = {Making middleboxes someone else's problem: network processing as a cloud service},
 booktitle = SIGCOMM,
 year = {2012},
}

@inproceedings{IXP12,
 author = {Ager, Bernhard and Chatzis, Nikolaos and Feldmann, Anja and Sarrar, Nadi and Uhlig, Steve and Willinger, Walter},
 title = {Anatomy of a large {European IXP}},
 booktitle = SIGCOMM,
 year = {2012},
}

@inproceedings{B4,
 author = {Jain, Sushant and Kumar, Alok and Mandal, Subhashree and Ong, Joon and Poutievski, Leon and Singh, Arjun and Venkata, Subbaiah and Wanderer, Jim and Zhou, Junlan and Zhu, Min and Zolla, J. and H{\"o}lzle, Urs and Stuart, S. and Vahdat, Amin },
 title = {B4: Experience with a Globally-Deployed Software Defined {WAN}},
 booktitle = SIGCOMM,
 year = {2013},
}

@inproceedings{SDWAN_MSR,
 author = {Chi-Yao Hong and Srikanth Kandula and Ratul Mahajan and Ming Zhang and Vijay Gill and Mohan Nanduri and Roger Wattenhofer},
 title = {Achieving High Utilization with Software-Driven {WAN}},
 booktitle = SIGCOMM,
 year = {2013},
}

@InProceedings{ load-wild,
        author = "Richard Wang and Dana Butnariu and Jennifer Rexford",
        title = "{OpenFlow}-based Server Load Balancing Gone Wild",
        booktitle = HOT-ICE,
        month = mar,
        year = 2011
}

@INPROCEEDINGS{Govindan98routeservers,
    author = {Ramesh Govindan and Cengiz Alaettinoglu and Kannan Varadhan and Deborah Estrin},
    title = {Route Servers for Inter-Domain Routing},
    booktitle = {Computer Networks and ISDN Systems},
    year = {1998},
}

@inproceedings{RCP,
  title={Design and implementation of a routing control platform},
  author={Caesar, Matthew and Caldwell, Donald and Feamster, Nick and Rexford, Jennifer and Shaikh, Aman and van der Merwe, Jacobus},
  booktitle=NSDI,
  year={2005},
}

@inproceedings{IRSCP,
  title={Dynamic connectivity management with an intelligent route service control point},
  author={van der Merwe, J and Cepleanu, A and D'Souza, K and Freeman, B and Greenberg, A and Knight, D and McMillan, R and Moloney, D and Mulligan, J and Nguyen, H and others},
  booktitle=INM,
  year={2006},
}

@article{rpki,
author = "Geoff Huston and Randy Bush",
title = "Securing {BGP}",
journal = IPJ,
volume = 14,
number = 2,
month = JUN,
year = 2011
}

@inproceedings{pyretic,
author = "Christopher Monsanto and Joshua Reich and Nate Foster and Jennifer Rexford and David Walker",
title = "Composing Software Defined Networks",
booktitle = NSDI,
year = 2013
}

@inproceedings{Monsanto:Frenetic:POPL,
 author = {Monsanto, Christopher and Foster, Nate and Harrison, Rob and Walker, David},
 title = {{A compiler and run-time system for network programming languages}},
 booktitle = {POPL},
 year = 2012,
}

@misc{www-cisco-dhcp-relay,
 author = "{Cisco Manual}",
 title = "{Configuring DHCP/BootP Relay Agent Feature on Cisco IOS Router}",
 howpublished = "\url{http://goo.gl/fYPUKh}",
 key = "cisco-dhcp"
}

@misc{www-coloatl,
  key = "coloatl",
  title  = "{ColoAtl: A JT Communications Company}",
  howpublished = "\url{http://www.coloatl.com/}",
  year = 2013
}

@inproceedings{casado2007ethane,
  title={Ethane: Taking control of the enterprise},
  author={Casado, Martin and Freedman, Michael J and Pettit, Justin and Luo, Jianying and McKeown, Nick and Shenker, Scott},
  booktitle=CCR,
  year={2007},
}

@inproceedings{caesar2005design,
  title={Design and implementation of a routing control platform},
  author={Caesar, Matthew and Caldwell, Donald and Feamster, Nick and Rexford, Jennifer and Shaikh, Aman and van der Merwe, Jacobus},
  booktitle=NSDI,
  year={2005},
}

@misc{ID-routeserver,
author = "E. Jasinska and N. Hilliard and R. Raszuk and N. Bakker",
title = "Internet Exchange Route Server",
note = "Internet Draft draft-ietf-idr-ix-bgp-route-server-02",
month = FEB,
year = 2013
}

@inproceedings{procera,
  title={Procera: A language for high-level reactive network control},
  author={Voellmy, Andreas and Kim, Hyojoon and Feamster, Nick},
  booktitle=HOT-SDN,
  year={2012},
}

@misc{euroix,
title = "{Euro-IX Public Resources}",
note = "\url{https://www.euro-ix.net/resources}",
key = {euroix},
}

@misc{www-verisign,
title = "{Verisign DDoS Protection}",
note = "\url{verisigninc.com/website-availability/ddos-protection/index.xhtml}",
key = {verisign},
}

@misc{www-arbor,
title = "{Arbor Networks' DDoS Protection}",
note = "\url{arbornetworks.com/ddos-attacks}",
key = {arbor},
}

@misc{www-radware,
  key = {radware},
  howpublished = {\url{http://www.radware.com/Products/DefensePro/}},
  title = "{RadWare DefensePro}"
}

@misc{sdx,
note = "Earlier conference paper, reference omitted to preserve anonymity."
}

@techreport{ras,
author = "Karthik Lakshminarayanan and Ion Stoica and Scott Shenker",
title = "Routing as a Service",
institution = "UC Berkeley",
number = "UCB/CSD-04-1327",
year = 2004
}

@article{frenetic,
  title="{Languages for Software-Defined Networks}",
  author={Foster, Nate and Guha, Arjun and Reitblatt, Mark and Story, Alec and Freedman, Michael J and Katta, Naga Praveen and Monsanto, Christopher and Reich, Joshua and Rexford, Jennifer and Schlesinger, Cole and Story, Alec and Walker, David},
  journal={IEEE Communications Magazine},
  volume={51},
  number={2},
  pages={128--134},
  year={2013},
  publisher={IEEE}
}

@inproceedings{valancius2010,
  title={Wide-area route control for distributed services},
  author={Valancius, Vytautas and Feamster, Nick and Rexford, Jennifer and Nakao, Akihiro},
  booktitle={Proc. USENIX Annual Technical Conference},
  year={2010}
}

@INPROCEEDINGS{unreel-netflix, 
author={Adhikari, V.K. and Yang Guo and Fang Hao and Varvello, M. and Hilt, V. and Steiner, M. and Zhi-Li Zhang}, 
booktitle={INFOCOM, 2012 Proceedings IEEE}, 
title={Unreeling netflix: Understanding and improving multi-CDN movie delivery}, 
year={2012}, 
pages={1620-1628}, 
keywords={Internet;bandwidth allocation;computer centres;video on demand;video streaming;CDN assignment strategy;Canada;Netflix architecture;US;content delivery networks;content distribution;data centers;measurement-based adaptive CDN selection strategy;multiCDN movie delivery bandwidth;on-demand Internet video streaming;on-demand streaming services;peak downstream traffic;service strategy;user average bandwidth;video delivery bandwidth;video delivery strategy;Bandwidth;Bit rate;Browsers;Computers;Motion pictures;Servers;Streaming media}, 
doi={10.1109/INFCOM.2012.6195531}, 
ISSN={0743-166X},}

@inproceedings{ager2012anatomy,
  title={Anatomy of a large european IXP},
  author={Ager, Bernhard and Chatzis, Nikolaos and Feldmann, Anja and Sarrar, Nadi and Uhlig, Steve and Willinger, Walter},
  booktitle={Proceedings of the ACM SIGCOMM 2012 conference on Applications, technologies, architectures, and protocols for computer communication},
  pages={163--174},
  year={2012},
  organization={ACM}
}

@inproceedings{rexford2002bgp,
  title={{BGP} routing stability of popular destinations},
  author={Rexford, Jennifer and Wang, Jia and Xiao, Zhen and Zhang, Yin},
  booktitle={Proc. Internet Measurment Workshop},
  pages={197--202},
  year={2002},
  organization={ACM}
}

@inproceedings{mininet-hifi,
author = "Brandon Heller and Nikhil Handigol and Vimalkumar Jeyakumar and Bob Lantz and Nick McKeown",
title = "Reproducible Network Experiments using Container Based Emulation",
booktitle = "Proc. ACM CoNEXT",
month = DEC,
year = 2012
}

@Misc{www-noviflow,
  key = 	 {noviflow},
  howpublished = {\url{http://noviflow.com/}},
  title = 	 {Noviflow},
}

@InProceedings{Anwer2010:switchblade,
  author = 	 {Bilal Anwer and Murtaza Motiwala and Mukarram bin Tariq and Nick Feamster},
  title = 	 "{SwitchBlade: A Platform for Rapid Deployment of Network Protocols on Programmable Hardware}",
  crossref = "sigcomm2010"
}

%%%%%%%%%%%%%%%%%%%%%%%%%%%%%%%%%%%%%%%%%%%%%%%%%%%%%%%%%%%%

@proceedings{sigcomm2010,
  booktitle = SIGCOMM, address="New Delhi, India",
  month = aug, year = 2010
}
